5285 7115
110 1072 4945 1489 shoulder I caught a glimpse of one or two unformed policemen
153 1422 815 1716 outside.
987 1673 4596 2034 Mr John Hector McFarlane? said Lestrade.
882 1991 4639 2390 Our unfortunate client rose with a ghastly face.
931 2316 2506 2580 Aceds Scacrstc.
907 3174 5025 3603 McFarlanc turned to us with a gesture of despair,
159 3505 5086 3836 and sank into his chair once more like a man who is crushed.
987 3805 4890 4136 "One moment, Lestrade" said Holmes "Half an
141 4075 4902 4473 hour more or less can make no difference to you, and is the
165 4393 4479 4767 gentleman was about to give us an account of this very
153 4718 4516 5049 interesting affair which might aid us in clearing it up
1042 4957 4976 5392 I think there will be no difficulty in clearing it up
153 5245 1838 5631 said Lestrade grimly.
1078 5594 4755 5950 none the less with your permission I should be
1036 6146 4884 6581 Well, Mr Holmes, it is difficult for me to refuse
172 6471 5037 6863 you anything for you have been of use to the force once or twice
